<?xml version="1.0" encoding="UTF-8"?><record xmlns="http://www.loc.gov/MARC21/slim" xmlns:cinclude="http://apache.org/cocoon/include/1.0" xmlns:zs="http://www.loc.gov/zing/srw/">
  <leader>00479nz  a2200157n  4500</leader>
  <controlfield tag="001">no2011197651</controlfield>
  <controlfield tag="003">DLC</controlfield>
  <controlfield tag="005">20111229075024.0</controlfield>
  <controlfield tag="008">111227n| acannaabn          |n ana     c</controlfield>
  <datafield tag="010" ind1=" " ind2=" ">
    <subfield code="a">no2011197651</subfield>
  </datafield>
  <datafield tag="035" ind1=" " ind2=" ">
    <subfield code="a">(OCoLC)oca09072855</subfield>
  </datafield>
  <datafield tag="040" ind1=" " ind2=" ">
    <subfield code="a">OrU</subfield>
    <subfield code="b">eng</subfield>
    <subfield code="c">OrU</subfield>
  </datafield>
  <datafield tag="046" ind1=" " ind2=" ">
    <subfield code="s">18800515</subfield>
  </datafield>
  <datafield tag="110" ind1="2" ind2=" ">
    <subfield code="a">Order of the Eastern Star.</subfield>
    <subfield code="b">Eugene Chapter No. 2 (Eugene, Or.)</subfield>
  </datafield>
  <datafield tag="370" ind1=" " ind2=" ">
    <subfield code="c">U.S.</subfield>
    <subfield code="e">Eugene, Or.</subfield>
  </datafield>
  <datafield tag="670" ind1=" " ind2=" ">
    <subfield code="a">By-laws of Eugene chapter, no. 2, O.E.S., 1881:</subfield>
    <subfield code="b">cover (organized May 15th, 1880)</subfield>
  </datafield>
</record>